
@article{sharpe1964,
  author = {William F. Sharpe},
  title = {Capital Asset Prices: A Theory of Market Equilibrium under Conditions of Risk},
  journal = {The Journal of Finance},
  year = {1964},
  volume = {19},
  number = {3},
  pages = {425--442},
  url = {https://doi.org/10.2307/2977928}
}

@article{fama1970,
  author = {Eugene F. Fama},
  title = {Efficient Capital Markets: A Review of Theory and Empirical Work},
  journal = {The Journal of Finance},
  year = {1970},
  volume = {25},
  number = {2},
  pages = {383--417},
  url = {https://doi.org/10.2307/2325486}
}

@article{fama1991,
  author = {Eugene F. Fama},
  title = {Efficient Capital Markets: II},
  journal = {The Journal of Finance},
  year = {1991},
  volume = {46},
  number = {5},
  pages = {1575--1617},
  url = {https://doi.org/10.2307/2328565}
}


@article{rounaghi,
  author = {Mohammad M. Rounaghi and Farzaneh N. Zadeh},
  title = {Investigation of market efficiency and Financial Stability between {S}$\&${P} 500 and London Stock Exchange: Monthly and yearly Forecasting of Time Series Stock Returns using ARMA model},
  journal = {Physica A: Statistical Mechanics and its Applications},
  year = {2016},
  volume = {456},
  number = {1},
  pages = {10--21},
  url = {https://doi.org/10.1016/j.physa.2016.03.006}
}

@mastersthesis{libberton2010,
  author       = {Samuel Libberton},
  title        = {Is The London Stock Exchange Weak-Form Efficient},
  school       = {University of Loughborough},
  year         = {2010},
  address      = {},
  month        = {},
  note         = {},
}

@article{borges2010,
  author = {Maria R. Borges},
  title = {Efficient market hypothesis in European stock markets},
  journal = {The European Journal of Finance},
  year = {2010},
  volume = {16},
  number = {7},
  pages = {711--726},
  url = {https://doi.org/10.1080/1351847X.2010.495477}
}

@article{asghar2023,
  author = {Naqeeb Ullah and Umair Asghar},
  title = {Efficient Market Hypothesis: An Exploratory Study of FTSE-100 Stock Market},
  journal = {Journal of Business and Tourism},
  year = {2023},
  volume = {9},
  number = {1},
  pages = {12--20},
  url = {https://doi.org/10.34260/jbt.v9i01.269}
}

@mastersthesis{bhavsar2015,
  author       = {Mohit Bhavsar},
  title        = {Empirical Investigation of The Efficient Market Hypothesis: A Case of The Indian and UK Stock Markets},
  school       = {University of Durham},
  year         = {2015},
}

@article{rosini2020,
  author = {Lucrezia Rosini and Vijay Shenai},
  title = {Stock returns and calendar anomalies on the London Stock Exchange in the dynamic perspective of the Adaptive Market Hypothesis: A study of FTSE100 $\&$ FTSE250 indices over a ten year period},
  journal = {Quantitative Finance and Economics},
  year = {2020},
  volume = {4},
  number = {1},
  pages = {121--147},
  url = {https://doi.org/10.3934/QFE.2020006}
}

@book{principles,
  author       = {Robert Frank, Ben Bernanke, Kate Antonovics, Ori Heffetz},
  title        = {Principles of Macroeconomics},
  publisher    = {McGraw-Hill},
  year         = {2009},
  address      = {Boston},
  edition      = {Edition Number},
  volume       = {},
  series       = {},
  month        = {},
  note         = {},
}

@article{jaffe1976,
  author = {Jeffrey F. Jaffe and Gershon Mandelker},
  title = {The "Fisher Effect" for Risky Assets: An Empirical Investigation},
  journal = {The Journal of Finance},
  year = {1976},
  volume = {31},
  number = {2},
  pages = {447--458},
  url = {https://doi.org/10.2307/2326616}
}

@article{bodie1976,
  author = {Zvi Bodie},
  title = {Common Stocks as a Hedge Against Inflation},
  journal = {The Journal of Finance},
  year = {1976},
  volume = {31},
  number = {2},
  pages = {459--470},
  url = {https://doi.org/10.2307/2326617}
}

@article{famaschwert1977,
  author = {Eugene F. Fama and William H. Schwert},
  title = {Asset returns and inflation},
  journal = {Journal of Financial Economics},
  year = {1977},
  volume = {5},
  number = {2},
  pages = {115--146},
  url = {https://doi.org/10.1016/0304-405X(77)90014-9}
}

@article{mogdiliani1979,
  author = {Franco Mogdiliani, Richard A. Cohn},
  title = {Inflation, Rational Valuation, and the Market},
  journal = {Financial Analysts Journal},
  year = {1979},
  volume = {35},
  number = {2},
  pages = {24--44},
  url = {https://doi.org/10.2469/faj.v35.n2.24}
}

@article{campbell2004,
  author = {John Y. Campbell, Tuomo Vuolteenaho},
  title = {Inflation Illusion and Stock Prices},
  journal = {American Economic Review},
  year = {2004},
  volume = {94},
  number = {2},
  pages = {19--23},
  url = {https://doi.org/10.1257/0002828041301533}
}

@article{firth1979,
  author = {Michael Firth},
  title = {The Relationship between Stock Market Returns and Rates of Inflation},
  journal = {The Journal of Finance},
  year = {1979},
  volume = {34},
  number = {3},
  pages = {743--749},
  url = {https://doi.org/10.1111/j.1540-6261.1979.tb02139.x}
}

@article{gultekin1983,
  author = {N. B. Gultekin},
  title = {Stock Market Returns and Inflation: Evidence from Other Countries},
  journal = {The Journal of Finance},
  year = {1983},
  volume = {38},
  number = {1},
  pages = {49--65},
  url = {https://doi.org/10.1111/j.1540-6261.1983.tb03625.x}
}

@article{hasan2008,
  author = {Mohammed S. Hasan},
  title = {Stock returns, inflation and interest rates in the United Kingdom},
  journal = {The European Journal of Finance},
  year = {2008},
  volume = {14},
  number = {8},
  pages = {687--699},
  url = {https://doi.org/10.1080/13518470802042211}
}

@article{tiwari2019,
  author = {Aviral K. Tiwari, Juncal Cunado , Rangan Gupta, Mark E. Wohar},
  title = {Are stock returns an inflation hedge for the UK? Evidence from a wavelet analysis using over three centuries of data},
  journal = {Studies in Nonlinear Dynamics & Econometrics},
  year = {2019},
  volume = {23},
  number = {3},
  pages = {},
  url = {https://doi.org/10.1515/snde-2017-0049}
}

@article{alam2009,
  author = {Md. Mahmudul Alam and Gazi Uddin},
  title = {Relationship between Interest Rate and Stock Price: Empirical Evidence from Developed and Developing Countries},
  journal = {International Journal of Business and Management},
  year = {2009},
  volume = {4},
  number = {3},
  pages = {43--51},
  url = {https://doi.org/10.5539/ijbm.v4n3p43}
}

@mastersthesis{talla2013,
  author       = {Joseph T. Talla},
  title        = {Impact of Macroeconomic Variables on the Stock Market Prices of the Stockholm Stock Exchange (OMXS30)},
  school       = {University of Jonkoping},
  year         = {2013},
  address      = {},
  month        = {},
  note         = {},
}

@article{pilinkus2009,
  author = {Donatas Pilinkus, Vytautas Boguslauskas},
  title = {The Short-Run Relationship between Stock Market Prices and Macroeconomic Variables in Lithuania: An Application of the Impulse Response Function},
  journal = {Inzinerine Ekonomika-Engineering Economics},
  year = {2009},
  volume = {5},
  number = {65},
  pages = {},
  url = {https://doi.org/10.5755/J01.EE.65.5.11607}
}


@article{bernanke2005,
  author = {Ben S. Bernanke, Kenneth N. Kuttner},
  title = {What Explains the Stock Market's Reaction to Federal Reserve Policy?},
  journal = {The Journal of Finance},
  year = {2005},
  volume = {60},
  number = {3},
  pages = {1221--1257},
  url = {https://doi.org/10.1111/j.1540-6261.2005.00760.x}
}


@article{asgharian2016,
  author = {Hossein Asgharian and Charlotte Christiansen and Ai J. Hou},
  title = {Macro-Finance Determinants of the Long-Run Stockâ€“Bond Correlation: The DCC-MIDAS Specification},
  journal = {Journal of Financial Econometrics},
  year = {2016},
  volume = {14},
  number = {3},
  pages = {617--642},
  url = {https://doi.org/10.1093/jjfinec/nbv025}
}

@techreport{neifar2023,
  author       = {Malika Neifar},
  title        = {Macroeconomic Factors and UK Stock Market: Evidence through the Non-Linear ARDL model},
  institution  = {Munich Personal RePEc Archive (MPRA)},
  year         = {2023},
  number       = {MPRA Paper Number},
  address      = {University of Munich, Germany},
  url          = {https://mpra.ub.uni-muenchen.de/116298/},
  note         = {},
}

 
@article{dornbusch1980,
  author = {Rudiger Dornbusch and Stanley Fischer},
  title = {Exchange Rates and the Current Account},
  journal = {American Economic Review},
  year = {1980},
  volume = {70},
  number = {5},
  pages = {960--971},
  url = {https://www.jstor.org/stable/1805775}
}

@article{branson1977,
  author = {William H. Branson and Hannu Halttunen and Paul Masson},
  title = {Exchange rates in the short run: The dollar-deutschemark rate},
  journal = {European Economic Review},
  year = {1977},
  volume = {10},
  number = {3},
  pages = {303--324},
  url = {https://doi.org/10.1016/S0014-2921(77)80002-0}
}

@article{aggarwal1981,
  author = {Raj Aggarwal},
  title = {Exchange Rates and Stock Prices: A Study of the U.S. Capital Markets under Floating Exchange Rates},
  journal = {Akron Business and Economic Review},
  year = {1981},
  volume = {12},
  number = {3},
  pages = {7--12},
  url = {}
}

@article{vanita2015,
  author = {Tripathi Vanita and Aggarwal Khushboo},
  title = {Long Run Co-integrating Relationship between Exchange Rate and Stock Prices: Empirical Evidence from BRICS Countries},
  journal = {Advances in Management},
  year = {2015},
  volume = {8},
  number = {1},
  pages = {15--25},
  url = {https://search.proquest.com/openview/9760fe345ae74d6ce7a8aa7ef0d1836d/1?pq-origsite=gscholar&cbl=2030322}
}

@article{aydemir2009,
  author = {Oguzhan Aydemir, Erdal Demirhan},
  title = {The Relationship between Stock Prices and Exchange Rates: Evidence from Turkey},
  journal = {International Research Journal of Finance and Economics},
  year = {2009},
  volume = {1},
  number = {23},
  pages = {207--215},
  url = {https://www.researchgate.net/publication/287875152_The_relationship_between_stock_prices_and_exchange_rates_evidence_from_turkey}
}

@article{wong2022,
  author = {Hock T. Wong},
  title = {The Impact of Real Exchange Rates on Real Stock Prices},
  journal = {Journal of Economics, Finance and Administrative Science},
  year = {2022},
  volume = {27},
  number = {54},
  pages = {262--276},
  url = {https://doi.org/10.1108/JEFAS-03-2021-0011}
}

@article{takawira2022,
  author = {Kudakwashe Z. Javangwe, Oliver Takawira},
  title = {Exchange rate movement and stock market performance: An application of the ARDL model},
  journal = {Cogent Economics & Finance},
  year = {2022},
  volume = {10},
  number = {1},
  pages = {},
  url = {https://doi.org/10.1080/23322039.2022.2075520}
}


@article{palmer1970,
  author = {Michael Palmer},
  title = {Money supply, portfolio adjustments, and stock prices},
  journal = {Financial Analysts Journal},
  year = {1970},
  volume = {24},
  number = {4},
  pages = {19--22},
  url = {}
}

@article{homa1971,
  author = {Kenneth E. Homa and Dwight M. Jaffee},
  title = {The Supply of Money and Common Stock Prices},
  journal = {The Journal of Finance},
  year = {1971},
  volume = {26},
  number = {5},
  pages = {1045--1066},
  url = {https://doi.org/10.2307/2326082}
}

@article{pesando1974,
  author = {James E. Pesando},
  title = {The Supply of Money and Common Stock Prices: Further Observations on the Econometric Evidence},
  journal = {The Journal of Finance},
  year = {1971},
  volume = {29},
  number = {3},
  pages = {909--921},
  url = {https://doi.org/10.2307/2978599}
}

@techreport{baks1999,
  author       = {Klaas Baks, Charles Kramer},
  title        = {Global Liquidity and Asset Prices: Measurement, Implications, and Spillovers},
  institution  = {International Monetary Fund (IMF)},
  year         = {1999},
  number       = {IMF Working Paper No. 1999/168},
  address      = {Washington, D.C.},
  url          = {https://www.imf.org/external/pubs/ft/wp/1999/wp99168.pdf},
  note         = {},
}


@article{conover1999,
  author = {Charles M. Conover,  Gerald R. Jensen, Robert R. Johnson},
  title = {Monetary Environments and International Stock Returns},
  journal = {Journal of Banking and Finance},
  year = {1999},
  volume = {23},
  number = {9},
  pages = {1357--1381},
  url = {https://doi.org/10.1016/S0378-4266(99)00007-2}
}

@article{pÃ­cha2017,
  author = {VladimÃ­r PÃ­cha},
  title = {Effect of Money Supply on the Stock Market},
  journal = {Acta Universitatis Agriculturae et Silviculturae Mendelianae Brunensis},
  year = {2017},
  volume = {65},
  number = {2},
  pages = {465--472},
  url = {https://doi.org/10.11118/actaun201765020465}
}

@article{mukherjee1995,
  author = {Tarun K. Mukherjee, Atsuyuki Naka},
  title = {Dynamic Relations between Macroeconomic Variables and the Japanese Stock Market: An Application of a Vector Error Correction Model},
  journal = {The Journal of Financial Research},
  year = {1995},
  volume = {18},
  number = {2},
  pages = {223--237},
  url = {https://doi.org/10.1111/j.1475-6803.1995.tb00563.x}
}

@article{wongbangpo2002,
  author = {Praphan Wongbangpo, Subhash C. Sharma},
  title = {Stock Market and Macroeconomic Fundamental Dynamic Interactions: ASEAN-5 Countries},
  journal = {Journal of Asian Economics},
  year = {2002},
  volume = {13},
  number = {1},
  pages = {27--51},
  url = {https://doi.org/10.1016/S1049-0078(01)00111-7}
}

@article{gan2006,
  author = {Christopher Gan, Minsoo Lee, Hua H. A. Yong, Jun Zhang},
  title = {Macroeconomic Variables and Stock Market Interactions: New Zealand Evidence},
  journal = {Investment Management and Financial Innovations},
  year = {2006},
  volume = {3},
  number = {4},
  pages = {89--101},
  url = {}
}

@article{bahloul2017,
  author = {Slah Bahloul and Mourad Mroua and Nader Naifar},
  title = {Macroeconomic Variables and Stock Market Interactions: New Zealand Evidence},
  journal = {Borsa Istanbul Review},
  year = {2017},
  volume = {17},
  number = {1},
  pages = {62--74},
  url = {https://doi.org/10.1016/j.bir.2016.09.003}
}

@article{demir2019,
  author = {Caner Demir},
  title = {Macroeconomic Determinants of Stock Market Fluctuations: The Case of BIST-100},
  journal = {Economies},
  year = {2019},
  volume = {7},
  number = {1},
  pages = {1--14},
  url = {http://dx.doi.org/10.3390/economies7010008}
}

@article{synek2024,
  author = {Richard Synek and Jitka VeselÃ¡},
  title = {Cointegration Analysis of Stock Indices and Money Supply M2 in Selected Countries},
  journal = {Statistika: Statistics and Economy Journal},
  year = {2024},
  volume = {104},
  number = {2},
  pages = {135--162},
  url = {https://doi.org/10.54694/stat.2024.7}
}

@article{khan2018,
  author = {Jawad Khan and Imran Khan},
  title = {The Impact of Macroeconomic Variables on Stock Prices: A Case Study of Karachi Stock Exchange},
  journal = {Journal of Economics and Sustainable Development},
  year = {2018},
  volume = {9},
  number = {13},
  pages = {15--25},
  url = {https://doi.org/10.7176/JESD}
}

@article{asprem1989,
  author = {Mads Asprem},
  title = {Stock prices, asset portfolios and macroeconomic variables in ten European countries},
  journal = {Journal of Banking and Finance},
  year = {1989},
  volume = {13},
  number = {4-5},
  pages = {589--612},
  url = {https://doi.org/10.1016/0378-4266(89)90032-0}
}

@mastersthesis{olomu2015,
  author       = {Edith Olomu},
  title        = {Impact of macroeconomic variables on UK stock market: A case study of FTSE100 index},
  school       = {University of East London School of Business and Law},
  year         = {2015},
  address      = {},
  month        = {},
  note         = {},
}

@article{olawale2014,
  author = {Aweda N. Olawale, Are S. Olusegun, Akinsanya Taofik},
  title = {Statistically Significant Relationships between Returns on FTSE 100, S&P 500 Market Indexes and Macroeconomic Variables with Emphasis on Unconventional Monetary Policy},
  journal = {International Journal of Statistics and Applications},
  year = {2014},
  volume = {4},
  number = {6},
  pages = {249--268},
  url = {https://doi.org/10.5923/j.statistics.20140406.02}
}

@article{marshall2022,
  author = {Ryan Jack Marshall, Aleksandar Vasilev},
  title = {Impact of Macroeconomic Variables on the Stock Prices of London Stock Exchange FTSE 100},
  journal = {IUP Journal of Financial Risk Management},
  year = {2022},
  volume = {19},
  number = {2},
  pages = {52--86},
  url = {https://search.proquest.com/openview/206cf04835d875d74a9efc901adfae77/1?pq-origsite=gscholar&cbl=54459}
}

@article{hochreiter1997,
  author = {Sepp Hochreiter, JÃ¼rgen Schmidhuber},
  title = {Long Short-term Memory},
  journal = {Neural Computation},
  year = {1997},
  volume = {9},
  number = {8},
  pages = {1735--1780},
  url = {https://doi.org/10.1162/neco.1997.9.8.1735}
}

@article{foster1992,
  author = {W.R. Foster and F. Collopy and L.H. Ungar},
  title = {Neural network forecasting of short, noisy time series},
  journal = {Computers $\&$ Chemical Engineering},
  year = {1992},
  volume = {16},
  number = {4},
  pages = {293--297},
  url = {https://doi.org/10.1016/0098-1354(92)80049-F}
}

@article{chang2001,
  author = {Fi-John Chang, Jin-Ming Liang, Yen-Chang Chen},
  title = {Flood forecasting using radial basis function neural networks},
  journal = {IEEE Transactions on Systems Man and Cybernetics},
  year = {2001},
  volume = {31},
  number = {4},
  pages = {530--535},
  url = {https://doi.org/10.1109/5326.983936}
}

@inproceedings{ibrikci2002,
  author       = {T. Ibrikci and M.E. Brandt and G. Wang and M. Acikkar},
  title        = {Mahalanobis Distance with Radial Basis Function Network on Protein Secondary Structures},
  booktitle    = {Proceedings of the Second Joint 24th Annual Conference and the Annual Fall Meeting of the Biomedical Engineering Society},
  year         = {2002},
}

@article{xiong2015,
    author    = {Tao Xiong and Yukun Bao and Zhongyi Hu and Raymond Chiong},
    title     = {Forecasting interval time series using a fully complex-valued RBF neural network with DPSO and PSO algorithms},
    journal   = {Information Sciences},
    year      = {2015},
    volume    = {305},
    number    = {1},
    pages     = {77--92},
    url       = "https://doi.org/10.1016/j.ins.2015.01.029"
}

@article{bernier2002,
  author = {I. Rojas, H. Pomares, J.L. Bernier, J. Ortega, B. Pino, F.J. Pelayo, A. Prieto},
  title = {Time series analysis using normalized PG-RBF network with regression weights},
  journal = {Neurocomputing},
  year = {2002},
  volume = {42},
  number = {1-4},
  pages = {267--285},
  url = {https://doi.org/10.1016/S0925-2312(01)00338-1}
}

@article{dasilva2008,
  author = {Carlos G. da Silva},
  title = {Time series forecasting with a non-linear model and the scatter search meta-heuristic},
  journal = {Information Sciences},
  year = {2008},
  volume = {178},
  number = {16},
  pages = {3288--3299},
  url = {https://doi.org/10.1016/j.ins.2008.03.024}
}

@article{sfetsos2000,
  author = {A. Sfetsos},
  title = {A comparison of various forecasting techniques applied to mean hourly wind speed time series},
  journal = {Renewable Energy},
  year = {2000},
  volume = {21},
  number = {1},
  pages = {23--35},
  url = {https://doi.org/10.1016/S0960-1481(99)00125-1}
}

@article{lebaron1998,
  author = {Blake Lebaron and Andreas Weigend},
  title = {A Bootstrap Evaluation of the Effect of Data Splitting on Financial Time Series},
  journal = {IEEE Transactions on Neural Networks},
  year = {1998},
  volume = {9},
  number = {1},
  pages = {213--220},
  url = {https://doi.org/10.1109/72.655043}
}

@article{sharkawy2020,
  author = {Abdel-Nasser Sharkawy},
  title = {Journal of Advances in Applied $\&$ Computational Mathematics},
  journal = {IEEE Transactions on Neural Networks},
  year = {2020},
  volume = {7},
  number = {1},
  pages = {8--19},
  url = {https://doi.org/10.15377/2409-5761.2020.07.2}
}

@article{kosarac2022,
  author = {Aleksandar Kosarac and Cvijetin Mladjenovic and Milan Zeljkovic and Slobodan Tabakovic and Milos Knezev},
  title = {Neural-Network-Based Approaches for Optimization of Machining Parameters Using Small Dataset},
  journal = {Materials},
  year = {2022},
  volume = {15},
  number = {3},
  pages = {},
  url = {https://doi.org/10.3390/ma15030700}
}

@incollection{cafferata2019,
  author       = {Alessia Cafferata and Pier Giuseppe Giribone and Marco Neffelli and Marina Resta},
  title        = {Yield Curve Estimation Under Extreme Conditions: Do RBF Networks Perform Better?},
  booktitle    = {Neural Advances in Processing Nonlinear Dynamic Signals},
  chapter      = {22},
  pages        = {241--251},
  publisher    = {Springer},
  year         = {2019},
  url          = {https://doi.org/10.1007/978-3-319-95098-3_22},
  address      = {},
}

@article{cao2004,
  author = {Y. F. Sun and Y. C. Liang and W. L. Zhang and H. P. Lee and W. Z. Lin and L. J. Cao},
  title = {Optimal partition algorithm of the RBF neural network and its application to financial time series forecasting},
  journal = {Neural Computing $\&$ Applications},
  year = {2004},
  volume = {14},
  number = {1},
  pages = {36--44},
  url = {https://doi.org/10.1007/s00521-004-0439-7}
}

@article{esfandyari2016,
  author = {Amin H. Moghaddam and Moein H. Moghaddam and Morteza Esfandyari},
  title = {Stock market index prediction using artificial neural network},
  journal = {Journal of Economics, Finance and Adesfministrative Science},
  year = {2016},
  volume = {21},
  number = {41},
  pages = {89--93},
  url = {https://doi.org/10.1016/j.jefas.2016.07.002}
}


@article{abotaleb2024,
  author = {Bushra Ali and Khder Alakkari and Mostafa Abotaleb and Maad M. Mijwil and Klodian Dhosk},
  title = {MLP and RBF Algorithms in Finance: Predicting and Classifying Stock Prices amidst Economic Policy Uncertainty},
  journal = {Mesopotamian Journal of Big Data},
  year = {2024},
  volume = {},
  number = {},
  pages = {48--67},
  url = {https://doi.org/10.58496/MJBD/2024/005}
}

@inproceedings{anjum2021,
  author       = {Md. Ragib Anjum and Muhammad Naqi and Sifat Jamil},
  title        = {A Feedforward Neural Network Model for Forecasting Crude Oil Prices Using Macroeconomic and Geopolitical Factors},
  booktitle    = {2021 International Conference on Electrical, Computer, Communications and Mechatronics Engineering},
  year         = {2021},
}


@article{dass2019,
  author = {Rajesh Kumar and Shefali Srivastava and Anuli Dass and Smriti Srivastava},
  title = {A novel approach to predict stock market price using radial basis function network},
  journal = {International Journal of Information Technology},
  year = {2019},
  volume = {13},
  number = {},
  pages = {2277--2285},
  url = {https://doi.org/10.1007/s41870-019-00382-y}
}

@incollection{ji2014,
  author       = {Teng Ji and Wengang Che and Nana Zong},
  title        = {Stock Market Forecast Based on RBF Neural Network},
  booktitle    = {Practical Applications of Intelligent Systems},
  editor       = {Zhongzhi Wen and Tieniu Li},
  series       = {Advances in Intelligent Systems and Computing},
  volume       = {279},
  pages        = {955--962},
  publisher    = {Springer},
  year         = {2014},
}

@article{pesaran2001,
  author = {M. H. Pesaran, Yongcheol Shin, Richard J. Smith},
  title = {Bounds Testing Approaches to the Analysis of Level Relationships},
  journal = {Journal of Applied Econometrics},
  year = {2001},
  volume = {16},
  number = {3},
  pages = {289--326},
  url = {https://www.jstor.org/stable/2678547}
}

@incollection{bishop1995,
  author       = {Christopher M. Bishop},
  title        = {Neural Networks for Pattern Recognition},
  booktitle    = {Neural Networks for Pattern Recognition},
  publisher    = {Clarendon Press},
  address      = {Oxford},
  year         = {1995},
  pages        = {164--179},
}

@article{mendelsohn1993,
  author       = {Lou Mendelsohn},
  title        = {Neural Network Development for Financial Forecasting},
  journal      = {Technical Analysis of Stocks and Commodities},
  year         = {1993},
}


@incollection{rasmussen2006,
  author       = {C. E. Rasmussen and C. K. I. Williams},
  title        = {Gaussian Processes for Machine Learning},
  booktitle    = {Gaussian Processes for Machine Learning},
  publisher    = {MIT Press},
  address      = {Cambridge, MA},
  year         = {2006},
  pages        = {7--19},
}
